@article{beldring2003,
  title={Estimation of parameters in a distributed precipitation-runoff model for Norway},
  author={Beldring, Stein and Engeland, Kolbj{\o}rn and Roald, Lars A and S{\ae}lthun, Nils Roar and Voks{\o}, Astrid},
  journal={Hydrology and Earth System Sciences Discussions},
  volume={7},
  number={3},
  pages={304--316},
  year={2003}
}

@book{milliman2011,
  title={River discharge to the coastal ocean: a global synthesis},
  author={Milliman, John D and Farnsworth, Katherine L},
  year={2011},
  publisher={Cambridge University Press}
}

@article{hogaasen2011,
  title={Elvetilf{\o}rselsprogrammet (RID)-20 {\aa}rs overv{\aa}king av tilf{\o}rsler til norske kystomr{\aa}der (1990-2009). Datarapport 1--vannkjemi i RID-elvene},
  author={H{\o}g{\aa}sen, T and Skarb{\o}vik, E and St{\aa}lnacke, P and Selvik, JR and Aaker{\o}y, PA and Kaste, {\O}},
  volume={TA 2868-2011},
  year={2011},
  publisher={Norsk institutt for vannforskning}
}

@article{skarbovik2011,
  title={Elvetilf{\o}rselsprogrammet (RID)-20 {\aa}rs overv{\aa}king av tilf{\o}rsler til norske kystomr{\aa}der (1990-2009)},
  author={Skarb{\o}vik, E and St{\aa}lnacke, P and Selvik, JR and Aaker{\o}y, PA and H{\o}g{\aa}sen, T and Kaste, {\O}},
  volume={TA 2857-2011},
  year={2011},
  publisher={Norsk institutt for vannforskning}
}

@TechReport{albre:etal:2011,
  author = 	 {Albretsen, J. and A. K. Sperrevik and A. Staalstr{\o}m and A. D. Sandvik and F. Vikeb{\o} and L. C. Asplin},
  title = 	 {NorKyst-800 {R}eport {N}o. 1: {U}ser manual and technical descriptions},
  institution =  {Institute of Marine Research, Pb. 1870 Nordnes, N-5817 Bergen, Norway},
  year = 	 {2011},
  number = 	 {Fisken og Havet 2/2011},
  pages =        {37pp},
}